@article{malitsky,
  doi = {10.48550/ARXIV.1910.09529},
  url = {https://arxiv.org/abs/1910.09529},
  author = {Malitsky,  Yura and Mishchenko,  Konstantin},
  keywords = {Optimization and Control (math.OC),  Machine Learning (cs.LG),  Numerical Analysis (math.NA),  Machine Learning (stat.ML),  FOS: Mathematics,  FOS: Mathematics,  FOS: Computer and information sciences,  FOS: Computer and information sciences},
  title = {Adaptive Gradient Descent without Descent},
  publisher = {arXiv},
  year = {2019},
  copyright = {arXiv.org perpetual,  non-exclusive license}
}

@misc{evgrafov,
  title = {Convergence of descent methods with backtracking (Armijo) linesearch. Bisection algorithm for weak Wolfe conditions},
  url = {https://wiki.math.ntnu.no/_media/tma4180/2018v/note03.pdf},
  author = {Anton Evgrafov}
}

@misc{kwan,
  title = {Derivative of the Frobenius norm of a matrix involving the Hadamard products},
  url = {https://hushtheblock.github.io/2020/08/06/Derivative-of-a-function/},
  author = {Kwan},
  year = {2020}
}

@inproceedings{lee,
 author = {Lee, Daniel and Seung, H. Sebastian},
 booktitle = {Advances in Neural Information Processing Systems},
 editor = {T. Leen and T. Dietterich and V. Tresp},
 pages = {},
 publisher = {MIT Press},
 title = {Algorithms for Non-negative Matrix Factorization},
 url = {https://proceedings.neurips.cc/paper_files/paper/2000/file/f9d1152547c0bde01830b7e8bd60024c-Paper.pdf},
 volume = {13},
 year = {2000}
}
